% This file was created with JabRef 2.9b2.
% Encoding: UTF8

@MISC{msgpack,
  author = {Sadayuki Furuhash},
  title = {MessagePack - It's like JSON but fast and small.},
  year = {2013},
  owner = {dietmarw},
  quality = {1},
  timestamp = {2013.12.10},
  url = {http://msgpack.org/}
}

@MISC{JSON,
  author = {JSON},
  title = {JavaScript Object Notation},
  year = {2013},
  owner = {dietmarw},
  quality = {1},
  timestamp = {2013.12.08},
  url = {http://www.json.org/}
}

@MISC{BJSON,
  author = {Pietrzak Roman},
  title = {Binary-JSON (BJSON) format specification},
  year = {2013},
  owner = {dietmarw},
  quality = {1},
  timestamp = {2013.12.10},
  url = {http://bjson.org/}
}

